@article{shan2019robust,
	title={Robust contrast enhancement forensics based on convolutional neural networks},
	author={Shan, Wuyang and Yi, Yaohua and Huang, Ronggang and Xie, Yong},
	journal={Signal Processing: Image Communication},
	volume={71},
	pages={138--146},
	year={2019},
	publisher={Elsevier}
}

@article{gao2019robust,
	title={Robust detection of median filtering based on combined features of difference image},
	author={Gao, Hang and Hu, Mengting and Gao, Tiegang and Cheng, Renhong},
	journal={Signal Processing: Image Communication},
	volume={72},
	pages={126--133},
	year={2019},
	publisher={Elsevier}
}

@inproceedings{haas1967morphologie,
  title={Morphologie math{\'e}matique et granulom{\'e}tries en place},
  author={Haas, A and Matheron, G and Serra, J},
  booktitle={Annales des mines},
  volume={11},
  number={736-753},
  pages={7--3},
  year={1967}
}

@techreport{nakagawa1977note,
  title={A note on the use of local min and max operations in digital picture processing},
  author={Nakagawa, Yasuo and Rosenfeld, Azriel},
  year={1977},
  institution={Maryland University College Park Computer Science Center}
}

@inproceedings{spl2,
Author = {D. Cozzolino and G. Poggi and L. Verdoliva},
Booktitle = {IEEE Workshop on Informations Forensics and Security (WIFS)},
Date-Added = {2018-06-28 07:09:29 +0000},
Date-Modified = {2018-06-28 07:09:29 +0000},
Pages = {1-6},
Title = {Splicebuster: a new blind image splicing detector},
Year = {2015}}

@article{spl3,
Author = {X. Zhao and S. Wang and S. Li and J. Li},
Date-Added = {2018-06-28 07:09:29 +0000},
Date-Modified = {2018-06-28 07:09:29 +0000},
Journal = {IEEE Transactions on Circuits and Systems for Video Technology},
Number = {2},
Pages = {185-199},
Title = {Passive image-splicing detection by a {2-D} noncausal {M}arkov model},
Volume = {25},
Year = {2015}}

@article{PBPG2017-TIFS,
Author = {Pasquini, C. and Boato, G. and P\`{e}rez-Gonz\`{a}lez, F.},
Journal = {IEEE Transactions on Information Forensics and Security},
Number = {12},
Pages = {2890-2905},
Title = {Statistical Detection of {JPEG} Traces in Digital Images in Uncompressed Formats},
Volume = {12},
Year = {2017}}
@inproceedings{phys1,
Author = {M. Iuliani and G. Fabbri and A. Piva},
Booktitle = {IEEE Workshop on Informations Forensics and Security (WIFS)},
Date-Added = {2018-06-28 07:09:29 +0000},
Date-Modified = {2018-06-28 07:09:29 +0000},
Pages = {1-6},
Title = {Image splicing detection based on general perspective constraints},
Year = {2015}}
@inproceedings{geom1,
Author = {V. Conotter and H. Farid and G. Boato},
Booktitle = {IEEE International Conference on Image Processing (ICIP)},
Date-Added = {2018-06-28 07:09:29 +0000},
Date-Modified = {2018-06-28 07:09:29 +0000},
Title = {Detecting photo manipulation on signs and Billboards},
Year = {2010}}

@article{geom2,
Author = {E. Kee and J. O'Brien and H. Farid},
Date-Added = {2018-06-28 07:09:29 +0000},
Date-Modified = {2018-06-28 07:09:29 +0000},
Journal = {ACM Transactions on Graphics},
Number = {165},
Pages = {1-21},
Title = {Exposing photo manipulation from shading and shadows},
Volume = {33},
Year = {2014}}
@article{fernando2017,
Author = {D. V\`azquez-Pad\`in and F. P\`erez-Gonz\`alez and P. Comesa{\~{n}}a-Alfaro},
Date-Added = {2018-07-16 20:16:06 +0000},
Date-Modified = {2018-07-16 20:16:06 +0000},
Journal = {IEEE Transactions on Information Forensics and Security},
Number = {9},
Pages = {2115--2130},
Title = {A Random Matrix Approach to the Forensic Analysis of Upscaled Images},
Volume = {12},
Year = {2017}}

@article{cm2,
Author = {E. Ardizzone and A. Bruno and G. Mazzola},
Date-Added = {2018-06-28 07:09:29 +0000},
Date-Modified = {2018-06-28 07:09:29 +0000},
Journal = {IEEE Transactions on Information Forensics and Security},
Number = {10},
Pages = {2084-2094},
Title = {Copy-move forgery detection by matching triangles of keypoints},
Volume = {10},
Year = {2015}}

@article{cm3,
Author = {D. Cozzolino and G. Poggi and L. Verdoliva},
Date-Added = {2018-06-28 07:09:29 +0000},
Date-Modified = {2018-06-28 07:09:29 +0000},
Journal = {IEEE Transactions on Information Forensics and Security},
Number = {11},
Pages = {2284-2297},
Title = {Efficient dense-field copy-move forgery detection},
Volume = {10},
Year = {2015}}

@article{cm4,
Author = {I. Amerini and L. Ballan and R. Caldelli and A. Del Bimbo and G. Serra},
Date-Added = {2018-06-28 07:09:29 +0000},
Date-Modified = {2018-06-28 07:09:29 +0000},
Journal = {IEEE Transactions on Information Forensics and Security},
Number = {3},
Pages = {1099-1110},
Title = {A {SIFT}-based forensic method for copy-move attack detection and transformation recovery},
Volume = {6},
Year = {2011}}


@ARTICLE{noiseprint,
author={D. {Cozzolino} and L. {Verdoliva}},
journal={IEEE Transactions on Information Forensics and Security},
title={Noiseprint: A CNN-Based Camera Model Fingerprint},
year={2020},
volume={15},
number={},
pages={144-159},
keywords={cameras;convolutional neural nets;feature extraction;fingerprint identification;image forensics;CNN-based camera model fingerprint;forensic analyses;digital images;camera fingerprint;high-level scene content;forensic tasks;PRNU pattern;device fingerprint;multimedia forensics;model-related artifacts;image patches;image forgery localization;forensic community;noiseprint;Cameras;Training;Feature extraction;Forgery;Task analysis;Image forensics;Digital image forensics;noise residual;siamese networks;deep learning},
doi={10.1109/TIFS.2019.2916364},
ISSN={},
month={},}

@article{de2017detecting,
  title={Detecting Morphological Filtering of Binary Images},
  author={De Natale, Francesco GB and Boato, Giulia},
  journal={IEEE Transactions on Information Forensics and Security},
  volume={12},
  number={5},
  pages={1207--1217},
  year={2017},
  publisher={IEEE}
}

@article{Oliveira2016,
  title={Multiple Parenting Phylogeny Relationships in Digital Images},
  author={de Oliveira, Alberto and et al.},
  journal={IEEE Transactions on Information Forensics and Security},
  volume={11},
  number={2},
  pages={328--343},
  year={2016},
  publisher={IEEE}
}

@book{farid_book,
Author = {H. Farid},
Editor = {MIT Press},
Title = {Photo forensics},
Year = {2016}}
@book{sencar_book,
Date-Added = {2018-06-28 07:09:29 +0000},
Date-Modified = {2018-06-28 07:09:29 +0000},
Editor = {H.T. Sencar and N. Memon},
Publisher = {Springer},
Title = {Digital Image Forensics - There is more to a picture than meets the eye},
Year = {2013}
}



@book{ho,
Author = {Anthony T.S. Ho},
Date-Added = {2018-06-28 07:09:29 +0000},
Date-Modified = {2018-06-28 07:09:29 +0000},
Publisher = {John Wiley \& Sons},
Title = {Handbook of digital forensics of multimedia data and devices},
Year = {2015}}

@article{piva_overview,
Author = {A. Piva},
Date-Added = {2018-06-28 07:09:29 +0000},
Date-Modified = {2018-06-28 07:09:29 +0000},
Journal = {ISRN Signal Processing},
Title = {An overview on image forensics},
Year = {2013}}


@article{stamm_overview,
Author = {M.C. Stamm and M. Wu and K.J.R. Liu},
Date-Added = {2018-06-28 07:09:29 +0000},
Date-Modified = {2018-06-28 07:09:29 +0000},
Journal = {IEEE Access},
Pages = {167-200},
Title = {Information Forensics: an overview of the first decade},
Year = {2013}}
@inproceedings{forlab,
Author = {A. De Rosa and A. Piva and M. Fontani and M. Iuliani},
Booktitle = {IEEE International Carnahan Conference on Security Technology (ICCST)},
Date-Added = {2018-06-28 07:09:29 +0000},
Date-Modified = {2018-06-28 07:09:29 +0000},
Pages = {1-6},
Title = {Investigating multimedia contents},
Year = {2014}}
@article{stamm,
Author = {Stamm, M.C. and Ray Liu, K. J.},
Date-Added = {2018-06-28 07:09:29 +0000},
Date-Modified = {2018-06-28 07:09:29 +0000},
Journal = {IEEE Transactions on Information Forensics and Security},
Pages = {1050-1065},
Title = {Anti-forensics of digital image compression},
Volume = {6, no. 3},
Year = {2011}}

@article{Costa2014,
  title={Image Phylogeny Forests Reconstruction},
  author={de O. Costa, Filipe and et al.},
  journal={IEEE Transactions on Information Forensics and Security},
  volume={9},
  number={10},
  pages={1533--1546},
  year={2014},
  publisher={IEEE}
}


@article{Bahrami2015,
  title={Blurred image splicing localization by exposing blur type inconsistency},
  author={Bahrami, K. and Kot, A.C. and Li, L. and Li, H.},
  journal={IEEE Trans. on Information Forensics and Security},
  volume={10},
  number={5},
  pages={999--1009},
  year={2015}
}

@article{Cao2014,
  title={Contrast enhancement-based forensics in digital images},
  author={Cao, G. and Zhao, Y. and Ni, R. and Li, X. },
  journal={IEEE Trans. on Information Forensics and Security},
  volume={9},
  number={3},
  pages={515--525},
  year={2014}
}

@article{Cao2011,
  title={Unsharp masking sharpening detection via overshoot artifacts analysis},
  author={Cao, G. and Zhao, Y. and Ni, R. and Kot, A.C. },
  journal={IEEE Signal Processing Letters},
  volume={18},
  number={10},
  pages={603--607},
  year={2011}
}

@inproceedings{Fridrich2010,
  title={On detection of median filtering in digital images},
  author={Kirchner, M. and Fridrich, J.},
  booktitle={SPIE, vol. 7541},
  pages={101--112},
  year={(2010)}
}

@inproceedings{Tian2010,
  title={Forensic detection of median filtering in digital images},
  author={Cao, G. and Zhao, Y. and Ni, R. and Yu, L. and Tian, H.},
  booktitle={IEEE Int. Conf. on Multimedia and Expo, ICME2010},
  pages={89--94},
  year={(2010)}
}

@article{Yuan:2011,
  title={Blind forensics of median filtering in digital images},
  author={Yuan, H.-D.},
  journal={IEEE Trans. Information Forensics and Security},
  volume={6},
  number={4},
  pages={1335--1345},
  year={2011}
}

@article{Liu2013,
  title={Robust median filtering forensics using an autoregressive model},
  author={Kang, X. and Stamm, M. C. and Peng, A. and Liu, K. J. R.},
  journal={IEEE Trans. Information Forensics and Security},
  volume={8},
  number={9},
  pages={1456--1468},
  year={2013}
}

@article{Huang2013,
  title={Blind detection of median filtering in digital images: A difference domain based approach},
  author={Chen, C. and Ni, J. and Huang, J.},
  journal={IEEE Trans. Image Processing},
  volume={22},
  number={12},
  pages={4699--4710},
  year={2013}
}

@article{Shi2014,
  title={Revealing the traces of median filtering using high-order local ternary patterns},
  author={Zhang, Y. and Li, S. and Wang, S. and Shi, Y. Q.},
  journal={IEEE Signal Processing Letters},
  volume={21},
  number={3},
  pages={275--280},
  year={2014}
}

@article{Wang2015,
  title={Median filtering forensics based on convolutional neural networks},
  author={Chen, J. and Kang, X. and Liu, Y. and Wang, Z. J.},
  journal={IEEE Signal Processing Letters},
  volume={22},
  number={11},
  pages={1849--1853},
  year={2015}
}



@article{DeNatale2016,
  title={A deterministic approach to detect median filtering in {1D} data},
  author={Pasquini, C. and Boato, G. and Anaijlan, N. and De Natale, F. G. B.},
  journal={IEEE Trans. Information Forensics and Security},
  volume={11},
  number={7},
  pages={1425--1437},
  year={2016}
}


@article{Dias2012,
  title={Image Phylogeny by Minimal Spanning Trees},
  author={Dias, Z and Rocha, A and Goldenstein, S},
  journal={IEEE Transactions on Information Forensics and Security},
  volume={7},
  number={2},
  pages={774--788},
  year={2012},
  publisher={IEEE}
}

@article{British2012,
  title={Morphological Filter is an Active Tool for Edge Detection in Noisy Image},
  author={Al-Shereefi, Nedhal Mohammed},
  journal={British Journal of Science},
  volume={3},
  number={2},
  pages={148--156},
  year={2012},
  publisher={IEEE}
}


@INPROCEEDINGS{Bestagini2016, 
author={P. {Bestagini} and M. {Tagliasacchi} and S. {Tubaro}}, 
booktitle={IEEE International Conference on Acoustics, Speech and Signal Processing}, 
title={Image phylogeny tree reconstruction based on region selection}, 
year={2016}}

@INPROCEEDINGS{Maragos2004, 
author={Maragos, Petro}, 
booktitle={The Image and Video Processing Handbook}, 
title={Morphological Filtering for Image Enhancement and Feature Detection}, 
year={2004}}

@inproceedings{ISPRS2016,
  title={Cahnge Detection via Morphological Comparative Filters},
  author={Vizilter, Y.V. and other},
  booktitle={Photogrammetry, Remote Sensing and Spatial Information Sciences},
  volume={III-3},
  year={2016}
}

@inproceedings{schaefer2003ucid,
  title={UCID: An uncompressed color image database},
  author={Schaefer, Gerald and Stich, Michal},
  booktitle={Storage and Retrieval Methods and Applications for Multimedia 2004},
  volume={5307},
  year={2003},
  organization={International Society for Optics and Photonics}
}

@article{gloe2010dresden,
  title={The dresden image database for benchmarking digital image forensics},
  author={Gloe, Thomas and B{\"o}hme, Rainer},
  journal={Journal of Digital Forensic Practice},
  volume={3},
  number={2-4},
  pages={150--159},
  year={2010},
  publisher={Taylor \& Francis}
}

@inproceedings{dang2015raise,
  title={RAISE: a raw images dataset for digital image forensics},
  author={Dang-Nguyen, Duc-Tien and Pasquini, Cecilia and Conotter, Valentina and Boato, Giulia},
  booktitle={ACM Multimedia Systems Conference},
  year={2015}
}

@article{PB-TIFS-2019,
	author={C. {Pasquini} and R. {B\"{o}hme}}, 
	journal={IEEE Transactions on Information Forensics and Security}, 
	title={Information-Theoretic Bounds for the Forensic Detection of Downscaled Signals}, 
	year={2019}, 
	volume={14}, 
	number={7}, 
	pages={1928-1943}}
	
	
	@article{Pasquini2016-TIFS,
	Author = {C. Pasquini and G. Boato and N. Anjalic and F. De Natale},
	Journal = {{IEEE} Transactions on Information Forensics and Security},
	Number = {7},
	Pages = {1425--1437},
	Publisherurl = {http://ieeexplore.ieee.org/stamp/stamp.jsp?tp=&arnumber=7407398},
	Title = {A Deterministic Approach to Detect Median Filtering in 1D Data},
	Volume = {11},
	Year = {2016}}